%% Importare il formato Bibtext dai vari siti:
%% https://dblp.uni-trier.de/ ... per sicurezza
%%

%https://dblp.uni-trier.de/rec/bibtex/conf/nato/Dijkstra96d


@inproceedings{DBLP:conf/nato/Dijkstra96d,
  author    = {Edsger W. Dijkstra},
  title     = {A bagatelle on Euclid's algorithm},
  booktitle = {Proceedings of the {NATO} Advanced Study Institute on Deductive Program
               Design, Marktoberdorf, Germany},
  pages     = {21--23},
  year      = {1996},
  crossref  = {DBLP:conf/nato/1996},
  timestamp = {Tue, 14 Nov 2006 16:17:55 +0100},
  biburl    = {https://dblp.org/rec/bib/conf/nato/Dijkstra96d},
  bibsource = {dblp computer science bibliography, https://dblp.org}
}

@proceedings{DBLP:conf/nato/1996,
  editor    = {Manfred Broy},
  title     = {Proceedings of the {NATO} Advanced Study Institute on Deductive Program
               Design, Marktoberdorf, Germany},
  year      = {1996},
  isbn      = {3-540-60947-4},
  timestamp = {Tue, 14 Nov 2006 16:17:55 +0100},
  biburl    = {https://dblp.org/rec/bib/conf/nato/1996},
  bibsource = {dblp computer science bibliography, https://dblp.org}
}


@inproceedings{DBLP:conf/malware/MichaudDL18,
  author       = {Michael James Michaud and
                  Thomas R. Dean and
                  Sylvain P. Leblanc},
  title        = {Attacking {OMG} Data Distribution Service {(DDS)} Based Real-Time
                  Mission Critical Distributed Systems},
  booktitle    = {13th International Conference on Malicious and Unwanted Software,
                  {MALWARE} 2018, Nantucket, MA, USA, October 22-24, 2018},
  pages        = {68--77},
  publisher    = {{IEEE}},
  year         = {2018},
  url          = {https://doi.org/10.1109/MALWARE.2018.8659368},
  doi          = {10.1109/MALWARE.2018.8659368},
  timestamp    = {Sat, 19 Oct 2019 20:32:37 +0200},
  biburl       = {https://dblp.org/rec/conf/malware/MichaudDL18.bib},
  bibsource    = {dblp computer science bibliography, https://dblp.org}
}





@inproceedings{DBLP:conf/asiaccs/WangLG24,
  author       = {Binghan Wang and
                  Hui Li and
                  Jingjing Guan},
  editor       = {Jianying Zhou and
                  Tony Q. S. Quek and
                  Debin Gao and
                  Alvaro A. C{\'{a}}rdenas},
  title        = {A Formal Analysis of Data Distribution Service Security},
  booktitle    = {Proceedings of the 19th {ACM} Asia Conference on Computer and Communications
                  Security, {ASIA} {CCS} 2024, Singapore, July 1-5, 2024},
  publisher    = {{ACM}},
  year         = {2024},
  url          = {https://doi.org/10.1145/3634737.3656288},
  doi          = {10.1145/3634737.3656288},
  timestamp    = {Sun, 19 Jan 2025 13:28:24 +0100},
  biburl       = {https://dblp.org/rec/conf/asiaccs/WangLG24.bib},
  bibsource    = {dblp computer science bibliography, https://dblp.org}
}



% Paper non trovati su https://dblp.uni-trier.de/. Utilizzato google scholar


@inproceedings{abdulghani2020vulnerabilities,
  title={Vulnerabilities and security issues in IoT protocols},
  author={Abdulghani, Raghad M and Alrehili, Marwa M and Almuhanna, Abrar A and Alhazmi, Omar H},
  booktitle={2020 First international conference of smart systems and emerging technologies (SMARTTECH)},
  pages={7--12},
  year={2020},
  organization={IEEE}
}

% Paper non trovati su https://dblp.uni-trier.de/. Utilizzati siti differenti per citazioni

@misc{White2017AnII,
  title={An investigation into some security issues in the DDS messaging protocol},
  author = {White, Thomas and Johnstone, Michael N. and Peacock, Matthew},
  year={2017},
  publisher={Edith Cowan University},
  url={https://api.semanticscholar.org/CorpusID:52840449},
  doi = {10.4225/75/5a84fcff95b52}
}

% Manuali e pdf non papers con citazioni fatte da me

@manual{proverifmanual,
  title = "{ProVerif 2.05:
Automatic Cryptographic Protocol Verifier,
User Manual and Tutorial}",
  author = "{Bruno Blanchet, Ben Smyth, Vincent Cheval, and Marc Sylvestre}",
  year = {2023},
  url = {https://bblanche.gitlabpages.inria.fr/proverif/manual.pdf},
  note = "[Accesso: 2 febbraio 2025]"
}

@misc{BibEntryreliability2025Feb,
	title = {{RELIABILITY QoS Parameter [DDS Foundation Wiki]}},
	year = {2025},
	month = feb,
	note = {[Online; accessed 2. Feb. 2025]},
	url = {https://www.omgwiki.org/ddsf/doku.php?id=ddsf:public:guidebook:06_append:02_quality_of_service:reliability}
}

@misc{BibEntrylifespan2025Feb,
	title = {{LIFESPAN QoS Parameter [DDS Foundation Wiki]}},
	year = {2025},
	month = feb,
	note = {[Online; accessed 2. Feb. 2025]},
	url = {https://www.omgwiki.org/ddsf/doku.php?id=ddsf:public:guidebook:06_append:02_quality_of_service:lifespan}
}


@misc{BibEntryownership2025Feb,
	title = {{OWNERSHIP QoS Parameter [DDS Foundation Wiki]}},
	year = {2025},
	month = feb,
	note = {[Online; accessed 2. Feb. 2025]},
	url = {https://www.omgwiki.org/ddsf/doku.php?id=ddsf:public:guidebook:06_append:02_quality_of_service:ownership}
}

@misc{BibEntryownershipstrength2025Feb,
	title = {{OWNERSHIP{$\_$}STRENGTH QoS Parameter [DDS Foundation Wiki]}},
	year = {2025},
	month = feb,
	note = {[Online; accessed 2. Feb. 2025]},
	url = {https://www.omgwiki.org/ddsf/doku.php?id=ddsf:public:guidebook:06_append:02_quality_of_service:ownership_strength}
}


@book{dds1.4,
  title = "{OMG Data Distribution Service}",
  author = "{Object Management Group}",
  version = "{1.4}",
  year = {2015},
  month = april,
  url = {http://www.omg.org/spec/DDS/1.4/PDF},
  note = "[Accesso: 2 febbraio 2025]"
}

@book{ddssecurity1.1,
  title = "{DDS Security}",
  author = "{Object Management Group}",
  version = "{1.1}",
  year = {2018},
  month = july,
  url = {http://www.omg.org/spec/DDS/1.4/PDF},
  note = "[Accesso: 2 febbraio 2025]"
}